%% This BibTeX bibliography file was created using BibDesk.
%% http://bibdesk.sourceforge.net/


%% Created for Kai at 2012-03-15 11:28:18 -0700 


%% Saved with string encoding Unicode (UTF-8) 



@techreport{aodv,
	Author = {Charles E. Perkins and Elizabeth M. Belding-Royer and Samir R. Das},
	Date-Added = {2012-01-20 15:07:08 -0800},
	Date-Modified = {2012-01-20 15:07:12 -0800},
	File = {rfc3561.txt},
	Howpublished = {Published Online},
	Institution = {Internet Engineering Task Force},
	Month = {July},
	Number = {3561},
	Title = {Ad hoc On-Demand Distance Vector (AODV) Routing},
	Type = {RFC Experimental},
	Url = {http://rfc.net/rfc3561.txt},
	Year = {2003},
	Bdsk-Url-1 = {http://rfc.net/rfc3561.txt}}

@inproceedings{25,
	Author = {Han, Q. and Sharad Mehrotra and Nalini Venkatasubramanian},
	Booktitle = {Distributed Computing Systems, 2004. Proceedings. 24th International Conference on},
	Doi = {10.1109/ICDCS.2004.1281626},
	Issn = {1063-6927},
	Keywords = {data analysis; data collection; distributed sensor environments; sensor database; data analysis; distributed databases; distributed sensors; resource allocation;},
	Pages = {590 - 597},
	Title = {Energy efficient data collection in distributed sensor environments},
	Year = {2004},
	Bdsk-Url-1 = {http://dx.doi.org/10.1109/ICDCS.2004.1281626}}

@manual{24,
	Author = {Madden, Sam and Hellerstein, Joe and Hong, Wei},
	Citeulike-Article-Id = {8818625},
	Date-Added = {2012-01-19 22:41:55 -0800},
	Date-Modified = {2012-01-19 22:41:57 -0800},
	Local-Url = {LinkedFiles/MadHelHon\_2003.pdf},
	Posted-At = {2011-02-14 15:26:45},
	Priority = {2},
	Title = {{TinyDB: In-Network Query Processing in TinyOS}},
	Year = {2003}}

@article{23,
	Acmid = {601861},
	Address = {New York, NY, USA},
	Author = {Yao, Yong and Gehrke, Johannes},
	Date-Added = {2012-01-19 22:27:38 -0800},
	Date-Modified = {2012-01-19 22:27:40 -0800},
	Doi = {http://doi.acm.org/10.1145/601858.601861},
	Issn = {0163-5808},
	Issue = {3},
	Journal = {SIGMOD Rec.},
	Month = {September},
	Numpages = {10},
	Pages = {9--18},
	Publisher = {ACM},
	Title = {The cougar approach to in-network query processing in sensor networks},
	Url = {http://doi.acm.org/10.1145/601858.601861},
	Volume = {31},
	Year = {2002},
	Bdsk-Url-1 = {http://doi.acm.org/10.1145/601858.601861}}

@article{22,
	Author = {Luigi Atzori and Antonio Iera and Giacomo Morabito},
	Date-Added = {2012-01-19 22:26:39 -0800},
	Date-Modified = {2012-01-19 22:26:40 -0800},
	Doi = {10.1016/j.comnet.2010.05.010},
	Issn = {1389-1286},
	Journal = {Computer Networks},
	Keywords = {RFID systems},
	Number = {15},
	Pages = {2787 - 2805},
	Title = {The Internet of Things: A survey},
	Url = {http://www.sciencedirect.com/science/article/pii/S1389128610001568},
	Volume = {54},
	Year = {2010},
	Bdsk-Url-1 = {http://www.sciencedirect.com/science/article/pii/S1389128610001568},
	Bdsk-Url-2 = {http://dx.doi.org/10.1016/j.comnet.2010.05.010}}

@book{21,
	Author = {Kleinrock, Leonard},
	Date-Added = {2012-01-19 22:26:06 -0800},
	Date-Modified = {2012-01-19 22:26:07 -0800},
	Isbn = {0471491101},
	Publisher = {Wiley-Interscience},
	Title = {Theory, Volume 1, Queueing Systems},
	Year = {1975}}

@article{20,
	Affiliation = {AT&T Bell Laboratories Crawfords Corner Road 07733 Holmdel New Jersey USA},
	Author = {Doshi, B. T.},
	Date-Added = {2012-01-19 22:23:26 -0800},
	Date-Modified = {2012-01-19 22:23:27 -0800},
	Issn = {0257-0130},
	Issue = {1},
	Journal = {Queueing Systems},
	Keyword = {Business and Economics},
	Note = {10.1007/BF01149327},
	Pages = {29-66},
	Publisher = {Springer Netherlands},
	Title = {Queueing systems with vacations --- A survey},
	Url = {http://dx.doi.org/10.1007/BF01149327},
	Volume = {1},
	Year = {1986},
	Bdsk-Url-1 = {http://dx.doi.org/10.1007/BF01149327}}

@manual{19,
	Date-Added = {2012-01-19 22:21:39 -0800},
	Date-Modified = {2012-01-19 23:23:02 -0800},
	Edition = {v1.xEx},
	Note = {\url{http://ftp1.digi.com/support/documentation/90000982_B.pdf}},
	Title = {XBee RF Module -- Product Manual},
	Bdsk-Url-1 = {http://ftp1.digi.com/support/documentation/90000982_B.pdf}}

@misc{18,
	Date-Added = {2012-01-19 22:21:07 -0800},
	Date-Modified = {2012-01-19 23:21:16 -0800},
	Howpublished = {\url{http://www.digi.com/xbee}},
	Title = {XBee},
	Bdsk-Url-1 = {http://www.digi.com/xbee}}

@misc{17,
	Date-Added = {2012-01-19 22:20:41 -0800},
	Date-Modified = {2012-01-19 23:21:26 -0800},
	Howpublished = {\url{http://www.arduino.cc}},
	Title = {Arduino},
	Bdsk-Url-1 = {http://www.arduino.cc}}

@misc{16,
	Date-Added = {2012-01-19 22:19:54 -0800},
	Date-Modified = {2012-01-19 23:21:38 -0800},
	Howpublished = {\url{http://www.scalable-networks.com}},
	Title = {Scalable Networks Technologies},
	Bdsk-Url-1 = {http://www.scalable-networks.com}}

@inproceedings{15,
	Author = {Ahmad R. Dhaini, P. H. Ho and G. Shen},
	Booktitle = {In Proceedings of IEEE GLOBECOM11},
	Date-Added = {2012-01-19 22:17:30 -0800},
	Date-Modified = {2012-01-19 23:19:27 -0800},
	Title = {Energy Efficiency in Ethernet Passive Optical Networks For How Long Can ONU Sleep},
	Year = {2011}}

@article{14,
	Affiliation = {Department of Computer Science University of Pittsburgh PA 15260 Pittburgh USA},
	Author = {Sharaf, Mohamed A. and Beaver, Jonathan and Labrinidis, Alexandros and Chrysanthis, Panos K.},
	Date-Added = {2012-01-19 22:16:36 -0800},
	Date-Modified = {2012-01-19 23:00:50 -0800},
	Issn = {1066-8888},
	Issue = {4},
	Journal = {The VLDB Journal},
	Keyword = {Computer Science},
	Pages = {384-403},
	Publisher = {Springer Berlin / Heidelberg},
	Title = {Balancing energy efficiency and quality of aggregate data in sensor networks},
	Url = {http://dx.doi.org/10.1007/s00778-004-0138-0},
	Volume = {13},
	Year = {2004},
	Bdsk-Url-1 = {http://dx.doi.org/10.1007/s00778-004-0138-0}}

@article{13,
	Acmid = {1283529},
	Address = {New York, NY, United States},
	Author = {Ren, Qingchun and Liang, Qilian},
	Date-Added = {2012-01-19 22:15:32 -0800},
	Date-Modified = {2012-01-19 22:15:33 -0800},
	Doi = {http://dx.doi.org/10.1155/WCN/2006/39814},
	Issn = {1687-1472},
	Issue = {2},
	Issue_Date = {April 2006},
	Journal = {EURASIP J. Wirel. Commun. Netw.},
	Month = {April},
	Numpages = {1},
	Pages = {5--5},
	Publisher = {Hindawi Publishing Corp.},
	Title = {Energy-efficient medium access control protocols for wireless sensor networks},
	Url = {http://dx.doi.org/10.1155/WCN/2006/39814},
	Volume = {2006},
	Year = {2006},
	Bdsk-Url-1 = {http://dx.doi.org/10.1155/WCN/2006/39814}}

@article{12,
	Abstract = {To extend the functional lifetime of battery-operated Wireless Sensor Networks &#40;WSNs&#41;, stringent sleep scheduling strategies with communication duty cycles running at sub-1&#37; range are expected to be adopted. Although ultra-low communication duty cycles can cast a detrimental impact on sensing coverage and network connectivity, its effects can be mitigated with adaptive sleep scheduling, node deployment redundancy and multipath routing within the mesh WSN topology. Prior research on this issue had led to the proposal of a new design paradigm called Sense-Sleep Tree &#40;SS-Tree&#41;. The SS-Tree aims to harmonise the various engineering issues and provides a method to increase the monitoring coverage and the operational lifetime of mesh-based WSNs engaged in wide-area event-driven surveillance applications. This paper further expands and refines the SS-Tree approach by incorporating practical design considerations such as transmission range assignment, duty cycling and sensing coverage. This approach can achieve higher energy efficiency and satisfy various application requirements during WSN network planning and predeployment phase.},
	Author = {Ha, Rick W. and Ho, Pin-Han and Shen, Xuemin Sherman},
	Date-Added = {2012-01-19 22:14:47 -0800},
	Date-Modified = {2012-01-19 22:14:49 -0800},
	Doi = {doi:10.1504/IJSNET.2006.010836},
	Journal = {International Journal of Sensor Networks},
	Number = {1-2},
	Pages = {72-88},
	Title = {Optimal sleep scheduling with transmission range assignment in application-specific wireless sensor networks},
	Url = {http://www.ingentaconnect.com/content/ind/ijsnet/2006/00000001/F0020001/art00008},
	Volume = {1},
	Year = {2006},
	Bdsk-Url-1 = {http://www.ingentaconnect.com/content/ind/ijsnet/2006/00000001/F0020001/art00008},
	Bdsk-Url-2 = {http://dx.doi.org/10.1504/IJSNET.2006.010836}}

@inproceedings{10,
	Author = {Bougard, B. and Catthoor, F. and Daly, D.C. and Chandrakasan, A. and Dehaene, W.},
	Booktitle = {Design, Automation and Test in Europe, 2005. Proceedings},
	Date-Added = {2012-01-19 22:10:58 -0800},
	Date-Modified = {2012-01-19 22:10:59 -0800},
	Doi = {10.1109/DATE.2005.136},
	Issn = {1530-1591},
	Keywords = {211 muW; IEEE 802.15.4 standard; dense wireless microsensor networks; energy efficiency; link adaptation policies; packet transmission; power consumption; radio activation; self-powered wireless microsensor networks; sensor node radios; transceiver architecture optimization; ultra low power sensor node; IEEE standards; microsensors; packet radio networks; power consumption; transceivers; wireless LAN; wireless sensor networks;},
	Month = {march},
	Pages = {196 - 201 Vol. 1},
	Title = {Energy efficiency of the IEEE 802.15.4 standard in dense wireless microsensor networks: modeling and improvement perspectives},
	Year = {2005},
	Bdsk-Url-1 = {http://dx.doi.org/10.1109/DATE.2005.136}}

@inproceedings{9,
	Abstract = {The IEEE 802.15.4 standard is poised to become the
                 global standard for low data rate, low energy consumption
                 wireless sensor networks (WSN). By assigning the same
                 sets of contention access parameters for all data frames
                 and nodes, the contention access period (CAP) of the
                 slotted IEEE 802.15.4 medium access control (MAC)
                 currently provides a priorityindependent channel access
                 functionality and no service differentiation. Several
                 recent WSN applications such as wireless body sensor
                 networks, however, may require service differentiation
                 and traffic prioritization support to accommodate
                 potential high priority traffic (e.g., alarms or
                 emergency alerts). By allowing different sets of access
                 parameters and data frame lengths for different priority
                 classes, this paper develops a Markov-chain-based
                 analytical model of the CAP of the IEEE 802.15.4 MAC with
                 service differentiation, under unsaturated traffic
                 conditions. In particular, given two priority classes,
                 our analytical model is used to evaluate the performance
                 of a simple, yet effective, contention-window-based
                 service differentiation strategy, in terms of the
                 resulting throughput, average frame service time and
                 access priority for each priority class. The accuracy of
                 the analytical model is validated by extensive ns-2
                 simulation.},
	Affiliation = {EPFL},
	Author = {Ndih, E. D. N. and Khaled, N. and De Micheli, G.},
	Booktitle = {Proceedings of the {IEEE} {I}nternational {C}onference on {C}ommunications ({ICC})},
	Date-Added = {2012-01-19 22:10:09 -0800},
	Date-Modified = {2012-01-19 22:10:15 -0800},
	Details = {http://infoscience.epfl.ch/record/130691},
	Documenturl = {http://infoscience.epfl.ch/record/130691/files/Ndih_5198719.pdf},
	Extra-Id = {000280922200105},
	Location = {Dresden, Germany},
	Oai-Id = {oai:infoscience.epfl.ch:130691},
	Oai-Set = {conf; fulltext-public; fulltext},
	Pages = {1--6},
	Review = {NON-REVIEWED},
	Status = {PUBLISHED},
	Submitter = {176271; 112915},
	Title = {An {A}nalytical {M}odel for the {C}ontention {A}ccess {P}eriod of the {S}lotted {IEEE} 802.15.4 {w}ith {S}ervice {D}ifferentiation},
	Unit = {LSI1},
	Year = 2009}

@article{8,
	Author = {Jung, C.Y. and Hwang, H.Y. and Sung, D.K. and Hwang, G.U.},
	Date-Added = {2012-01-19 22:09:05 -0800},
	Date-Modified = {2012-01-19 22:09:06 -0800},
	Doi = {10.1109/TVT.2008.923669},
	Issn = {0018-9545},
	Journal = {Vehicular Technology, IEEE Transactions on},
	Keywords = {IEEE 802.15.4;Markov chain model;carrier-sense multiple-access collision-avoidance protocol;medium-access control protocol;slotted CSMA-CA;throughput analysis;unsaturated traffic conditions;Markov processes;access protocols;carrier sense multiple access;personal area networks;telecommunication congestion control;},
	Month = {jan.},
	Number = {1},
	Pages = {473 -478},
	Title = {Enhanced Markov Chain Model and Throughput Analysis of the Slotted CSMA/CA for IEEE 802.15.4 Under Unsaturated Traffic Conditions},
	Volume = {58},
	Year = {2009},
	Bdsk-Url-1 = {http://dx.doi.org/10.1109/TVT.2008.923669}}

@article{7,
	Author = {Dilip Kumar and Trilok C. Aseri and R.B. Patel},
	Date-Added = {2012-01-19 22:08:19 -0800},
	Date-Modified = {2012-01-19 22:08:21 -0800},
	Doi = {10.1016/j.comcom.2008.11.025},
	Issn = {0140-3664},
	Journal = {Computer Communications},
	Keywords = {Heterogeneous},
	Number = {4},
	Pages = {662 - 667},
	Title = {EEHC: Energy efficient heterogeneous clustered scheme for wireless sensor networks},
	Url = {http://www.sciencedirect.com/science/article/pii/S0140366408006087},
	Volume = {32},
	Year = {2009},
	Bdsk-Url-1 = {http://www.sciencedirect.com/science/article/pii/S0140366408006087},
	Bdsk-Url-2 = {http://dx.doi.org/10.1016/j.comcom.2008.11.025}}

@inproceedings{6,
	Acmid = {1798498},
	Address = {Washington, DC, USA},
	Author = {Liu, Zhiwu and Wu, Wei},
	Booktitle = {Proceedings of the 2010 Second International Conference on Communication Software and Networks},
	Date-Added = {2012-01-19 22:07:14 -0800},
	Date-Modified = {2012-01-19 22:07:16 -0800},
	Doi = {http://dx.doi.org/10.1109/ICCSN.2010.19},
	Isbn = {978-0-7695-3961-4},
	Keywords = {MAC protocol, Multi-channel, Multi-radio, WSN},
	Numpages = {5},
	Pages = {105--109},
	Publisher = {IEEE Computer Society},
	Series = {ICCSN '10},
	Title = {A Dynamic Multi-radio Multi-channel MAC Protocol for Wireless Sensor Networks},
	Url = {http://dx.doi.org/10.1109/ICCSN.2010.19},
	Year = {2010},
	Bdsk-Url-1 = {http://dx.doi.org/10.1109/ICCSN.2010.19}}

@inproceedings{5,
	Author = {Wei Ye and Heidemann, J. and Estrin, D.},
	Booktitle = {INFOCOM 2002. Twenty-First Annual Joint Conference of the IEEE Computer and Communications Societies. Proceedings. IEEE},
	Date-Added = {2012-01-19 22:05:29 -0800},
	Date-Modified = {2012-01-19 22:05:31 -0800},
	Doi = {10.1109/INFCOM.2002.1019408},
	Issn = {0743-166X},
	Keywords = {Berkeley; IEEE 802.11; Mote; PAMAS; S-MAC; University of California; battery-operated computing devices; battery-operated sensing devices; contention latency reduction; energy conservation; energy consumption reduction; energy-efficient MAC protocol; environmental monitoring; idle channel; in-channel signaling; medium-access control protocol; message passing; network nodes; per-node fairness; self-configuration; sensor node; sleep schedules; store-and-forward processing; traffic load; virtual clusters; wireless LAN; wireless MAC; wireless sensor networks; access protocols; packet radio networks; sensors; wireless LAN;},
	Pages = {1567 - 1576 vol.3},
	Title = {An energy-efficient MAC protocol for wireless sensor networks},
	Volume = {3},
	Year = {2002},
	Bdsk-Url-1 = {http://dx.doi.org/10.1109/INFCOM.2002.1019408}}

@article{4.11,
	Author = {Manjeshwar, A. and Qing-An Zeng and Agrawal, D.P.},
	Date-Added = {2012-01-19 22:04:53 -0800},
	Date-Modified = {2012-01-19 22:12:26 -0800},
	Doi = {10.1109/TPDS.2002.1158266},
	Issn = {1045-9219},
	Journal = {Parallel and Distributed Systems, IEEE Transactions on},
	Keywords = {M/G/1 model; Poisson arrival rate; TDMA; ad hoc networks; delay; enhanced APTEEN protocol; information retrieval; limited bandwidth; low powered sensor devices; monitoring; multiple parameter sensing; network simulator; programmable computing; query handling; queuing mechanism; temperature sensing application; wireless sensor networks; ad hoc networks; distributed databases; distributed sensors; mobile computing; protocols; query processing; queueing theory;},
	Month = {dec},
	Number = {12},
	Pages = {1290 - 1302},
	Title = {An analytical model for information retrieval in wireless sensor networks using enhanced APTEEN protocol},
	Volume = {13},
	Year = {2002},
	Bdsk-Url-1 = {http://dx.doi.org/10.1109/TPDS.2002.1158266}}

@techreport{3,
	Author = {S. Middleton},
	Date-Added = {2012-01-19 22:03:22 -0800},
	Date-Modified = {2012-01-19 22:04:23 -0800},
	Institution = {IEEE},
	Number = {doc. number IEEE P802.15-00/248r3},
	Title = {IEEE 802.15 WPAN Low Rate Study Group PAR},
	Url = {\url{http://grouper.ieee.org/groups/802/15/pub/2000/Sep00/00248r3P802-15_LRSG-PAR.do}},
	Year = {2002},
	Bdsk-Url-1 = {http://grouper.ieee.org/groups/802/15/pub/2000/Sep00/00248r3P802-15_LRSG-PAR.do}}

@incollection{2,
	Affiliation = {Upson Hall Cornell University Computer Science Department 14853 Ithaca NY USA},
	Author = {Bonnet, Philippe and Gehrke, Johannes and Seshadri, Praveen},
	Booktitle = {Mobile Data Management},
	Date-Added = {2012-01-19 21:58:36 -0800},
	Date-Modified = {2012-01-19 23:20:02 -0800},
	Editor = {Tan, Kian-Lee and Franklin, Michael and Lui, John},
	Isbn = {978-3-540-41454-4},
	Keyword = {Computer Science},
	Note = {{10.1007/3-540-44498-X\_1}},
	Pages = {3-14},
	Publisher = {Springer Berlin / Heidelberg},
	Series = {Lecture Notes in Computer Science},
	Title = {Towards Sensor Database Systems},
	Url = {http://dx.doi.org/10.1007/3-540-44498-X_1},
	Volume = {1987},
	Year = {2001},
	Bdsk-Url-1 = {http://dx.doi.org/10.1007/3-540-44498-X_1}}

@article{1,
	Author = {Giuseppe Anastasi and Marco Conti and Mario Di Francesco and Andrea Passarella},
	Date-Added = {2012-01-19 21:57:07 -0800},
	Date-Modified = {2012-01-19 21:57:15 -0800},
	Doi = {10.1016/j.adhoc.2008.06.003},
	Issn = {1570-8705},
	Journal = {Ad Hoc Networks},
	Keywords = {Power management},
	Number = {3},
	Pages = {537 - 568},
	Title = {Energy conservation in wireless sensor networks: A survey},
	Url = {http://www.sciencedirect.com/science/article/pii/S1570870508000954},
	Volume = {7},
	Year = {2009},
	Bdsk-Url-1 = {http://www.sciencedirect.com/science/article/pii/S1570870508000954},
	Bdsk-Url-2 = {http://dx.doi.org/10.1016/j.adhoc.2008.06.003}}
